@book {AKP-2024,
    AUTHOR = {Alexander, S. and Kapovitch, V. and Petrunin, A.},
     TITLE = {Alexandrov geometry---foundations},
    SERIES = {Graduate Studies in Mathematics},
    VOLUME = {236},
% PUBLISHER = {American Mathematical Society, Providence, RI},
      YEAR = {2024},
    % PAGES = {xvii+282},
      ISBN = {[9781470473020]; [9781470475369]; [9781470475352]},
   MRCLASS = {53C23 (30Lxx 53-02 53C45)},
  MRNUMBER = {4734965},
}

@book {deza-lauren,
    AUTHOR = {Deza, M. and Laurent, M.},
     TITLE = {Geometry of cuts and metrics},
    SERIES = {Algorithms and Combinatorics},
    VOLUME = {15},
 %PUBLISHER = {Springer-Verlag, Berlin},
      YEAR = {1997},
   %  PAGES = {xii+587},
      ISBN = {3-540-61611-X},
   MRCLASS = {52-02 (05B30 05C12 51K05 52B12 52C07 68R05 90C28)},
  MRNUMBER = {1460488},
MRREVIEWER = {Alexander\ I.\ Barvinok},
       DOI = {10.1007/978-3-642-04295-9},
       URL = {https://doi.org/10.1007/978-3-642-04295-9},
}

@article {lebedeva-petrunin-2010,
    AUTHOR = {Lebedeva, N. and Petrunin, A.},
     TITLE = {Curvature bounded below: a definition a la {B}erg--{N}ikolaev},
   JOURNAL = {Electron. Res. Announc. Math. Sci.},
  FJOURNAL = {Electronic Research Announcements in Mathematical Sciences},
    VOLUME = {17},
      YEAR = {2010},
     PAGES = {122--124},
      ISSN = {1935-9179},
   MRCLASS = {53C45 (51K10)},
  MRNUMBER = {2735031},
MRREVIEWER = {Koichi\ Nagano},
       DOI = {10.3934/era.2010.17.122},
       URL = {https://doi.org/10.3934/era.2010.17.122},
}

@article {lebedeva-petrunin2021,
    AUTHOR = {Lebedeva, Nina and Petrunin, Anton},
     TITLE = {5-point {CAT(0)} spaces after {T}etsu {T}oyoda},
   JOURNAL = {Anal. Geom. Metr. Spaces},
  FJOURNAL = {Analysis and Geometry in Metric Spaces},
    VOLUME = {9},
      YEAR = {2021},
    NUMBER = {1},
     PAGES = {160--166},
      ISSN = {2299-3274},
   MRCLASS = {53C23 (51F99)},
  MRNUMBER = {4298102},
       DOI = {10.1515/agms-2020-0126},
       URL = {https://doi.org/10.1515/agms-2020-0126},
}

@article {lebedeva-petrunin-2024,
    AUTHOR = {Lebedeva, N. and Petrunin, A.},
     TITLE = {Five-point {T}oponogov theorem},
   JOURNAL = {Int. Math. Res. Not. IMRN},
  FJOURNAL = {International Mathematics Research Notices. IMRN},
      YEAR = {2024},
    NUMBER = {5},
     PAGES = {3601--3624},
      ISSN = {1073-7928,1687-0247},
   MRCLASS = {53C21},
  MRNUMBER = {4714328},
       DOI = {10.1093/imrn/rnad027},
       URL = {https://doi.org/10.1093/imrn/rnad027},
}

@article {lebedeva-petrunin-zolotov,
    AUTHOR = {Lebedeva, N. and Petrunin, A. and Zolotov, V.},
     TITLE = {Bipolar comparison},
   JOURNAL = {Geom. Funct. Anal.},
  FJOURNAL = {Geometric and Functional Analysis},
    VOLUME = {29},
      YEAR = {2019},
    NUMBER = {1},
     PAGES = {258--282},
      ISSN = {1016-443X,1420-8970},
   MRCLASS = {53C23},
  MRNUMBER = {3925110},
MRREVIEWER = {Nan\ Li},
       DOI = {10.1007/s00039-019-00481-9},
       URL = {https://doi.org/10.1007/s00039-019-00481-9},
}

@article {lang-schroeder,
    AUTHOR = {Lang, U. and Schroeder, V.},
     TITLE = {Kirszbraun's theorem and metric spaces of bounded curvature},
   JOURNAL = {Geom. Funct. Anal.},
  FJOURNAL = {Geometric and Functional Analysis},
    VOLUME = {7},
      YEAR = {1997},
    NUMBER = {3},
     PAGES = {535--560},
      ISSN = {1016-443X},
   MRCLASS = {53C23},
  MRNUMBER = {1466337},
MRREVIEWER = {Zhongmin Shen},
       DOI = {10.1007/s000390050018},
       URL = {https://doi.org/10.1007/s000390050018},
}

@book {petrunin2023,
    AUTHOR = {Petrunin, Anton},
     TITLE = {Pure metric geometry},
    SERIES = {SpringerBriefs in Mathematics},
% PUBLISHER = {Springer, Cham},
      YEAR = {2023},
    % PAGES = {viii+103},
      ISBN = {978-3-031-39161-3; 978-3-031-39162-0},
   MRCLASS = {54-01 (51Fxx 54Cxx 54Exx)},
  MRNUMBER = {4696672},
       DOI = {10.1007/978-3-031-39162-0},
       URL = {https://doi.org/10.1007/978-3-031-39162-0},
}

@phdthesis{sahovic2009,
  title={Approximations of {R}iemannian manifolds with linear curvature constraints},
  author={Šahović, Vedrin},
  school={University of Münster},
  year={2009}
}

@article {sato,
    AUTHOR = {Sato, T.},
     TITLE = {An alternative proof of {B}erg and {N}ikolaev's
              characterization of {$\rm CAT(0)$}-spaces via quadrilateral
              inequality},
   JOURNAL = {Arch. Math. (Basel)},
  FJOURNAL = {Archiv der Mathematik},
    VOLUME = {93},
      YEAR = {2009},
    NUMBER = {5},
     PAGES = {487--490},
      ISSN = {0003-889X,1420-8938},
   MRCLASS = {53C23 (20F55)},
  MRNUMBER = {2563595},
MRREVIEWER = {Kim\ E.\ Ruane},
       DOI = {10.1007/s00013-009-0057-9},
       URL = {https://doi.org/10.1007/s00013-009-0057-9},
}

@article {sturm,
    AUTHOR = {Sturm, K.-T.},
     TITLE = {Metric spaces of lower bounded curvature},
   JOURNAL = {Exposition. Math.},
  FJOURNAL = {Expositiones Mathematicae. International Journal},
    VOLUME = {17},
      YEAR = {1999},
    NUMBER = {1},
     PAGES = {35--47},
      ISSN = {0723-0869},
   MRCLASS = {53C23},
  MRNUMBER = {1687468},
MRREVIEWER = {Igor Belegradek},
}

@article{toyoda,
    AUTHOR = {Toyoda, T.},
     TITLE = {An intrinsic characterization of five points in a
              {CAT}(0) space},
   JOURNAL = {Anal. Geom. Metr. Spaces},
  FJOURNAL = {Analysis and Geometry in Metric Spaces},
    VOLUME = {8},
      YEAR = {2020},
    NUMBER = {1},
     PAGES = {114--165},
   MRCLASS = {53C23 (51F99)},
  MRNUMBER = {4141370},
       DOI = {10.1515/agms-2020-0111},
       URL = {https://doi.org/10.1515/agms-2020-0111},
}

@article{wald,
	author = {Wald, A.},
	hyphenation = {german},
	journal = {Ergebnisse eines mathematischen Kolloquiums},
	language = {german},
	pages = {24--46},
	title = {Begr\"undung einer Koordinatenlosen Differentialgeometrie der Fl\"achen},
	volume = {6},
	year = {1935}}
